@inproceedings{RiverosSS23,
	author       = {Cristian Riveros and
	Jorge Salas and
	Oskar Skibski},
	title        = {How Do Centrality Measures Choose the Root of Trees?},
	booktitle    = {26th International Conference on Database Theory, {ICDT} 2023, March
	28-31, 2023, Ioannina, Greece},
	series       = {LIPIcs},
	volume       = {255},
	pages        = {12:1--12:17}
	year         = {2023}
}

@inproceedings{RiverosS20,
	author       = {Cristian Riveros and
	Jorge Salas},
	title        = {A Family of Centrality Measures for Graph Data Based on Subgraphs},
	booktitle    = {23rd International Conference on Database Theory, {ICDT} 2020, March
	30-April 2, 2020, Copenhagen, Denmark},
	series       = {LIPIcs},
	volume       = {155},
	pages        = {23:1--23:18},
	year         = {2020}
}

@inproceedings{EsparzaLS14,
	author       = {Javier Esparza and
	Michael Luttenberger and
	Maximilian Schlund},
	title        = {A Brief History of Strahler Numbers},
	booktitle    = {Language and Automata Theory and Applications - 8th International
	Conference, {LATA} 2014, Madrid, Spain, March 10-14, 2014. Proceedings},
	volume       = {8370},
	pages        = {1--13},
	publisher    = {Springer},
	year         = {2014}
}

@inproceedings{stahler1952hypsometric,
	title={Hypsometric (area altitude) analysis of erosional topology},
	author={Stahler, A},
	journal={Geol Soc Am Bull},
	volume={63},
	pages={1117--1142},
	year={1952}
}
@inproceedings{devroye1996horton,

  title={On the Horton-Strahler number for random tries},
  author={Devroye, Luc and Kruszewski, Paul},
  journal={RAIRO-Theoretical Informatics and Applications},
  volume={30},
  number={5},
  pages={443--456},
  year={1996},
  publisher={EDP Sciences}
  
}
@inproceedings{horsfield1976some,

  title={Some mathematical properties of branching trees with application to the respiratory system},
  author={Horsfield, Keith},
  journal={Bulletin of mathematical biology},
  volume={38},
  number={3},
  pages={305--315},
  year={1976},
  publisher={Elsevier}
  
}